<collection xmlns="http://www.loc.gov/MARC21/slim">
<record>
  <leader>01235nam0a2200253 i 450 </leader>
  <controlfield tag="001">IT\ICCU\CNCE\009890</controlfield>
  <controlfield tag="005">20081008000000.0</controlfield>
  <datafield tag="012" ind1=" " ind2=" ">
    <subfield code="a">toto tosi tata chpe (3) 1522 (R)</subfield>
    <subfield code="2">fei</subfield>
  </datafield>
  <datafield tag="100" ind1=" " ind2=" ">
    <subfield code="a">19970101d1522        0itac0103    ba</subfield>
  </datafield>
  <datafield tag="101" ind1=" " ind2=" ">
    <subfield code="a">ITA</subfield>
  </datafield>
  <datafield tag="102" ind1=" " ind2=" ">
    <subfield code="a">IT</subfield>
  </datafield>
  <datafield tag="200" ind1="1" ind2=" ">
    <subfield code="a">℗La ℗morte del Danese de Cassio da Narne nouamente stampata, ne la quale se tratta de molte bataglie marauigliose: zoe del Danese Orlando e Rinaldo e de molti altri baroni &amp; ancora li trouerai molte faceze per lautore inferite ...</subfield>
  </datafield>
  <datafield tag="210" ind1=" " ind2=" ">
    <subfield code="a">In Milano</subfield>
    <subfield code="c">per Augustino de Vimercato</subfield>
    <subfield code="d">1522 ad V de Marzo</subfield>
  </datafield>
  <datafield tag="215" ind1=" " ind2=" ">
    <subfield code="a">CLXXVI c.</subfield>
    <subfield code="d">4ʻ</subfield>
  </datafield>
  <datafield tag="620" ind1=" " ind2=" ">
    <subfield code="a">IT</subfield>
    <subfield code="d">Milano</subfield>
  </datafield>
  <datafield tag="700" ind1=" " ind2="0">
    <subfield code="a">Cassio</subfield>
    <subfield code="c"> : da# Narni</subfield>
    <subfield code="3">IT\ICCU\CNCA\002744</subfield>
  </datafield>
  <datafield tag="712" ind1="0" ind2="2">
    <subfield code="a">Agostino da Vimercate</subfield>
    <subfield code="3">IT\ICCU\CNCT\000877</subfield>
    <subfield code="4">650</subfield>
  </datafield>
  <datafield tag="790" ind1=" " ind2="1">
    <subfield code="a">Brucurelli,</subfield>
    <subfield code="b">Cassio</subfield>
    <subfield code="3">IT\ICCU\CNCA\008192</subfield>
    <subfield code="z">Cassio : da# Narni</subfield>
  </datafield>
  <datafield tag="791" ind1="0" ind2="0">
    <subfield code="a">Vimercate, Agostino da</subfield>
    <subfield code="3">IT\ICCU\CNCT\002967</subfield>
    <subfield code="z">Agostino da Vimercate</subfield>
  </datafield>
  <datafield tag="791" ind1="0" ind2="0">
    <subfield code="a">Vicomercato, Augustinus de</subfield>
    <subfield code="3">IT\ICCU\CNCT\003616</subfield>
    <subfield code="z">Agostino da Vimercate</subfield>
  </datafield>
  <datafield tag="801" ind1=" " ind2="3">
    <subfield code="a">IT</subfield>
    <subfield code="b">ICCU</subfield>
    <subfield code="c">20201113</subfield>
  </datafield>
  <datafield tag="899" ind1=" " ind2=" ">
    <subfield code="a">Biblioteca civica Aprosiana. Ventimiglia</subfield>
    <subfield code="1">IM0038</subfield>
    <subfield code="2">LI3 VM</subfield>
  </datafield>
  <datafield tag="899" ind1=" " ind2=" ">
    <subfield code="a">Biblioteca Ambrosiana. Milano</subfield>
    <subfield code="1">MI0133</subfield>
    <subfield code="2">VBA 01</subfield>
  </datafield>
  <datafield tag="899" ind1=" " ind2=" ">
    <subfield code="a">Biblioteca nazionale universitaria. Torino</subfield>
    <subfield code="z">MUTILO</subfield>
    <subfield code="1">TO0265</subfield>
    <subfield code="2">TO0 02</subfield>
  </datafield>
</record>
</collection>
